@article{Tausczik2010,
  author    = {Y. Tausczik and J. Pennebaker},
  title     = {The psychological meaning of words: LIWC and computerized text analysis methods},
  journal   = {Journal of Language and Social Psychology},
  volume    = {29},
  number    = {1},
  pages     = {24--54},
  year      = {2010}
}


@article{Majumder2017,
  author    = {N. Majumder and S. Poria and A. Gelbukh and E. Cambria},
  title     = {Deep learning based document modeling for personality detection from text},
  journal   = {IEEE Intelligent Systems},
  volume    = {32},
  pages     = {74--79},
  year      = {2017},
  doi       = {10.1109/MIS.2017.23}
}

@inproceedings{Hernandez2017,
  author    = {R. Hernandez and I. Scott},
  title     = {Predicting Myersâ€“Briggs type indicator with text},
  booktitle = {Proceedings of the 31st Conference on Neural Information Processing Systems (NIPS)},
  pages     = {4--9},
  year      = {2017}
}

@article{Xue2018,
  author    = {D. Xue and L. Wu and Z. Hong and S. Guo and L. Gao and Z. Wu and others},
  title     = {Deep learning-based personality recognition from text posts of online social networks},
  journal   = {Applied Intelligence},
  volume    = {48},
  pages     = {4232--4246},
  year      = {2018},
  doi       = {10.1007/s10489-018-1212-4}
}


@article{Mairesse2007,
  author    = {F. Mairesse and M. A. Walker and M. R. Mehl and R. K. Moore},
  title     = {Using linguistic cues for the automatic recognition of personality in conversation and text},
  journal   = {Journal of Artificial Intelligence Research},
  volume    = {30},
  pages     = {457--500},
  year      = {2007}
}

@inproceedings{Oberlander2006,
  author    = {J. Oberlander and S. Nowson},
  title     = {Whose thumb is it anyway? Classifying author personality from weblog text},
  booktitle = {Proceedings of the Annual Meeting of the Association for Computational Linguistics},
  pages     = {627--634},
  year      = {2006}
}

@article{Li2021,
  author    = {Y. Li and A. Kazameini and Y. Mehta and E. Cambria},
  title     = {Multitask learning for emotion and personality detection},
  journal   = {arXiv},
  volume    = {1},
  number    = {1},
  year      = {2021},
  eprint    = {2101.02346},
  archivePrefix = {arXiv}
}

@article{Su2016,
  author    = {M. H. Su and C. H. Wu and Y. T. Zheng},
  title     = {Exploiting turn-taking temporal evolution for personality trait perception in dyadic conversations},
  journal   = {IEEE/ACM Transactions on Audio, Speech, and Language Processing},
  volume    = {24},
  number    = {4},
  pages     = {733--744},
  year      = {2016},
  doi       = {10.1109/TASLP.2016.2531286}
}

@inproceedings{Jeremy2021,
  author    = {N. H. Jeremy and D. Suhartono},
  title     = {Automatic personality prediction from Indonesian users on Twitter using word embedding and neural networks},
  booktitle = {Proceedings of Computer Science},
  volume    = {179},
  pages     = {416--422},
  year      = {2021}
}

@article{VandeVen2017,
  author    = {Niels van de Ven and Aniek Bogaert and Alec Serlie and Mark J. Brandt and Jaap J.A. Denissen},
  title     = {Personality perception based on LinkedIn profiles},
  journal   = {Journal of Managerial Psychology},
  year      = {2017},
  issn      = {0268-3946},
  doi       = {10.1108/JMP-09-2016-0290},
}


@incollection{Minamikawa2011,
  author    = {A. Minamikawa and H. Yokoyama},
  title     = {Personality estimation based on weblog text classification},
  booktitle = {Modern Approaches in Applied Intelligence},
  editor    = {K. Mehrotra and K. Chilukuri and J. Oh and P. Varshney and A. Moonis},
  publisher = {Springer},
  pages     = {89--97},
  year      = {2011}
}

@inproceedings{Gill2009,
  author    = {A. J. Gill and S. Nowson and J. Oberlander},
  title     = {What are they blogging about? Personality, topic and motivation in blogs},
  booktitle = {Proceedings of the The International AAAI Conference on Weblogs and Social Media},
  pages     = {18--25},
  year      = {2009}
}

@inproceedings{Luyckx2008,
  author    = {K. Luyckx and W. Daelemans},
  title     = {Using syntactic features to predict author personality from text},
  booktitle = {Proceedings of Digital Humanities},
  pages     = {146--149},
  year      = {2008}
}


@article{Vinciarelli2014,
  author    = {Alessandro Vinciarelli and Gholamreza Mohammadi},
  title     = {A survey of personality computing},
  journal   = {IEEE Transactions on Affective Computing},
  volume    = {5},
  number    = {3},
  pages     = {273--291},
  year      = {2014}
}


@misc{Hendrix2017,
  author    = {A. Hendrix and R. Yampolskiy},
  title     = {Automated IQ Estimation from Writing Samples},
  pages     = {3--7},
  year      = {2017},
}










@Article{kallet04methods,
  author = 	 {Richard H Kallet},
  title = 	 {How to Write the Methods Section of a Research Paper},
  journal = 	 {Respiratory Care},
  year = 	 2004,
  volume =	 49,
  number =	 10,
  pages =	 {1229--1232}
}

@Unpublished{anderson04,
  author = 		 {Greg Anderson},
  title = 		 {How to Write a Paper in Scientific Journal Style and Format},
  year = 	 2004,
  organization = {Bates College},
  note = {http://abacus.bates.edu/~ganderso/biology/resources/writing/HTWtoc.html}
}

@Unpublished{jones08,
  author = 		 {Simon Peyton Jones},
  title = 		 {How to write a great research paper},
  note = 		 {Microsoft Research Cambridge},
  year = 	 2008}

@Article{editor10,
  author = 		 {Editorial},
  title = 		 {Scientific writing 101},
  journal = 	 {Nature Structural \& Molecular Biology},
  year = 		 2010,
  volume = 	 17,
  pages = 	 139}

@TechReport{wavelab,
  author = 		 {Jonathan B. Buckheit and David L. Donoho},
  title = 		 {WaveLab and Reproducible Research},
  institution =  {Stanford University},
  year = 		 2009}

@article{gentleman05,
        title = {Reproducible Research: A Bioinformatics Case Study},
        author = {Gentleman, Robert},
        year = {2005},
        journal = {Statistical Applications in Genetics and Molecular Biology},
        volume = 4,
        number = 1,
        publisher = {The Berkeley Electronic Press},
        url = {http://www.bepress.com/sagmb/vol4/iss1/art2}
}

@article{schwab00,
 author = {Schwab, Matthias and Karrenbach, Martin and Claerbout, Jon},
 title = {Making scientific computations reproducible},
 journal = {Computing in Science and Engg.},
 volume = {2},
 number = {6},
 year = {2000},
 issn = {1521-9615},
 pages = {61--67},
 doi = {http://dx.doi.org/10.1109/5992.881708},
 publisher = {IEEE Educational Activities Department},
 address = {Piscataway, NJ, USA},
 }



@Book{spolsky04software,
  author = 	 {Joel Spolsky},
  title = 		 {Joel on Software: And on Diverse \& Occasionally Related Matters That Will Prove of Interest etc..: And on Diverse and Occasionally Related Matters ... or Ill-Luck, Work with Them in Some Capacity},
  publisher = 	 {APRESS},
  year = 		 2004}

@Book{hunt99pragmatic,
  author = 	 {Andrew Hunt and David Thomas},
  title = 		 {The Pragmatic Programmer},
  publisher = 	 {Addison Wesley},
  year = 		 1999}

